@article{ref1,
  author   = "Mohamed Alhoseny, Alaa Tharwat, Aboul Ella Hassanien",
  title    = "Bezier Curve Based Path Planning in a Dynamic Filed using Modified Genetic Algorithm",
  journal  = "Journal of Computational Scienece",
  year     = 2017,
  pages    = "339-350",
}

@article{ref2,
  author   = "Ling Zheng, Pengyun Zeng, Wei Yang, Yinong Li, Zhenfei Zhan",
  title    = "Bezier curve-based trajectory planning for autonomous vehicles with collision avoidance",
  journal  = "The Institution of Engineering and Technology",
  year     = "2021",
  volume   = "14",
  issue    = "13",
  pages    = "1882-1891",
}

@inproceedings{ref3,
  author    = "Ji-wung Choi, Renwick Curry, Gabriel ElKaim",
  title     = "Path Planning Based on Bezier Curve for Autonomous Ground Vehicles",
  series = "World Congress on Engineering and Computer Science, WCECS",
  booktitle    = "Advances in Electrical and Electronics Engineering",
  year      = "2008",
  publisher = "IEEE",
  address   = "San Francisco, CA, USA"
}

@article{ref4,
  author   = "Mohamed Alhoseny, Abdulaizz Shehab, Xiaohui Yuan",
  title    = "Optimizing robot path in dynamic environments using Genetic Algorithm and Bezier Curve",
  journal  = "Yournal of Intelligent & Fuzzy Systems",
  year     = "2017",
  volume   = "4",
  pages    = "2305-2316",
}

@article{ref5,
  author = {Luan,  Phan Gia and Thinh,  Nguyen Truong},
  title = {Hybrid genetic algorithm based smooth global-path planning for a mobile robot},
  journal = {Mechanics Based Design of Structures and Machines},
  publisher = {Informa UK Limited},
  year = {2021},
  volume = {51},
  pages = {1758–1774}
}
@article{Lamini2018,
  author = {Lamini,  Chaymaa and Benhlima,  Said and Elbekri,  Ali},
  title = {Genetic Algorithm Based Approach for Autonomous Mobile Robot Path Planning},
  journal = {Procedia Computer Science},
  publisher = {Elsevier BV},
  year = {2018},
  volume = {127},
  pages = {180–189}
}
@online{ref7,
  author    = {Pomax, Mike},
  title     = {A Primer on Bézier Curves},
  year      = {2020},
  url       = {https://pomax.github.io/bezierinfo},
}
